<record><leader>00000cas a22000007a 4500</leader><controlfield tag="001">17252284</controlfield><controlfield tag="008">871217d193519uuiluwr ne      0    0ger d</controlfield><datafield ind1=" " ind2=" " tag="010"><subfield code="a">sn 90065046 </subfield></datafield><datafield ind1=" " ind2=" " tag="040"><subfield code="a">NYS</subfield><subfield code="b">eng</subfield><subfield code="c">NYS</subfield><subfield code="d">DLC</subfield><subfield code="d">YOX</subfield><subfield code="d">CNK</subfield><subfield code="d">OCLCQ</subfield><subfield code="d">OCLCF</subfield><subfield code="d">OCLCO</subfield><subfield code="d">OCLCQ</subfield></datafield><datafield ind1="0" ind2=" " tag="041"><subfield code="a">ger</subfield><subfield code="a">eng</subfield></datafield><datafield ind1=" " ind2=" " tag="042"><subfield code="a">msc</subfield></datafield><datafield ind1=" " ind2=" " tag="043"><subfield code="a">n-us---</subfield></datafield><datafield ind1="0" ind2="0" tag="245"><subfield code="a">Volksfront =</subfield><subfield code="b">The People's front.</subfield></datafield><datafield ind1="3" ind2="1" tag="246"><subfield code="a">People's front</subfield></datafield><datafield ind1="3" ind2="0" tag="246"><subfield code="a">German-American youth club</subfield></datafield><datafield ind1="3" ind2="0" tag="246"><subfield code="a">Deutschamerikanische Jugendzeitung</subfield></datafield><datafield ind1=" " ind2=" " tag="260"><subfield code="a">Chicago, Ill. :</subfield><subfield code="b">Action Committee of Progressive German Societies.</subfield></datafield><datafield ind1=" " ind2=" " tag="310"><subfield code="a">Weekly,</subfield><subfield code="b">Apr. 22, 1938-</subfield></datafield><datafield ind1=" " ind2=" " tag="321"><subfield code="a">Monthly,</subfield><subfield code="b">Nov. 1935-Mar. 15, 1938</subfield></datafield><datafield ind1=" " ind2=" " tag="336"><subfield code="a">text</subfield><subfield code="b">txt</subfield><subfield code="2">rdacontent</subfield></datafield><datafield ind1=" " ind2=" " tag="337"><subfield code="a">unmediated</subfield><subfield code="b">n</subfield><subfield code="2">rdamedia</subfield></datafield><datafield ind1="0" ind2=" " tag="362"><subfield code="a">Vol. 1, no. 1 (Nov. 1935)-</subfield></datafield><datafield ind1=" " ind2=" " tag="500"><subfield code="a">Published &lt;Jan. 1937-Mar. 15, 1938&gt; by: German-American League for Culture, Chicago; Apr. 22, 1938-&lt;Dec. 30, 1939&gt; by: Cultural Front Press Association for the German-American League for Culture, Chicago.</subfield></datafield><datafield ind1=" " ind2=" " tag="500"><subfield code="a">Oct. 21, 1939-&lt;Dec. 16, 1939&gt; contain Nov.-&lt;Dec.&gt; issues of the monthly: German-American Youth Club = Deutschamerikanische Jugendzeitung.</subfield></datafield><datafield ind1=" " ind2=" " tag="500"><subfield code="a">"Anti-fascist paper for the Middle West."</subfield></datafield><datafield ind1=" " ind2=" " tag="515"><subfield code="a">With Apr. 22, 1938 issue, vol. designation changed to: v. 5, no. 1.</subfield></datafield><datafield ind1=" " ind2=" " tag="546"><subfield code="a">In German, with some columns in English.</subfield></datafield><datafield ind1=" " ind2="0" tag="650"><subfield code="a">German Americans</subfield><subfield code="z">United States</subfield><subfield code="v">Newspapers.</subfield></datafield><datafield ind1=" " ind2="4" tag="651"><subfield code="a">Chicago (Ill.)</subfield><subfield code="v">Newspapers.</subfield></datafield><datafield ind1=" " ind2="7" tag="650"><subfield code="a">German Americans.</subfield><subfield code="2">fast</subfield><subfield code="0">(OCoLC)fst00941308</subfield></datafield><datafield ind1=" " ind2="7" tag="651"><subfield code="a">United States.</subfield><subfield code="2">fast</subfield><subfield code="0">(OCoLC)fst01204155</subfield></datafield><datafield ind1=" " ind2="7" tag="655"><subfield code="a">Newspapers.</subfield><subfield code="2">fast</subfield><subfield code="0">(OCoLC)fst01423814</subfield></datafield><datafield ind1="2" ind2=" " tag="710"><subfield code="a">Action Committee of Progressive German Societies.</subfield></datafield><datafield ind1="2" ind2=" " tag="710"><subfield code="a">German American League for Culture.</subfield></datafield><datafield ind1="2" ind2=" " tag="710"><subfield code="a">Cultural Front Press Association.</subfield></datafield><datafield ind1=" " ind2=" " tag="752"><subfield code="a">United States</subfield><subfield code="b">Illinois</subfield><subfield code="c">Cook</subfield><subfield code="d">Chicago.</subfield></datafield><datafield ind1="0" ind2="5" tag="780"><subfield code="t">Deutsches Volksecho</subfield><subfield code="g">Oct. 28, 1939</subfield><subfield code="w">(DLC)sn 87070366</subfield></datafield></record>